@online{techjury2021,
  title   = {How Much Data Is Created Every Day in 2020? [You'll be shocked!]},
  date    = {2021-02-03},
  file    = {:./references/blog-how-much-data-is-created-every-day-.html:html},
  url     = {https://techjury.net/blog/how-much-data-is-created-every-day/#gref},
  urldate = {2021-02-03}
}

@article{woodal2013,
  title    = {Data quality assessment: The Hybrid Approach},
  journal  = {Information \& Management},
  volume   = {50},
  number   = {7},
  pages    = {369-382},
  year     = {2013},
  issn     = {0378-7206},
  doi      = {https://doi.org/10.1016/j.im.2013.05.009},
  url      = {https://www.sciencedirect.com/science/article/pii/S0378720613000517},
  author   = {Philip Woodall and Alexander Borek and Ajith Kumar Parlikad},
  keywords = {Data quality, Information quality, Information quality assessment, Data quality assessment, Hybrid Approach, Assessment techniques}
}

@article{lee2002,
  title    = {AIMQ: a methodology for information quality assessment},
  journal  = {Information \& Management},
  volume   = {40},
  number   = {2},
  pages    = {133-146},
  year     = {2002},
  issn     = {0378-7206},
  doi      = {https://doi.org/10.1016/S0378-7206(02)00043-5},
  url      = {https://www.sciencedirect.com/science/article/pii/S0378720602000435},
  author   = {Yang W. Lee and Diane M. Strong and Beverly K. Kahn and Richard Y. Wang},
  keywords = {Information quality, Information quality assessment, Information quality benchmarking, Information quality analysis, Information quality improvement, Total Data Quality Management (TDQM)}
}

@article{batini2009,
  author     = {Batini, Carlo and Cappiello, Cinzia and Francalanci, Chiara and Maurino, Andrea},
  title      = {Methodologies for Data Quality Assessment and Improvement},
  year       = {2009},
  issue_date = {July 2009},
  publisher  = {Association for Computing Machinery},
  address    = {New York, NY, USA},
  volume     = {41},
  number     = {3},
  issn       = {0360-0300},
  url        = {https://doi.org/10.1145/1541880.1541883},
  doi        = {10.1145/1541880.1541883},
  journal    = {ACM Comput. Surv.},
  month      = jul,
  articleno  = {16},
  numpages   = {52},
  keywords   = {data quality assessment, methodology, information system, quality dimension, data quality improvement, Data quality, data quality measurement}
}

@book{loshin2008,
  title     = {Master Data Management (The MK OMG Press)},
  author    = {David Loshin},
  publisher = {},
  isbn      = {0123742250, 9780123742254, 9780080921211},
  year      = {2008},
  series    = {},
  edition   = {},
  volume    = {},
  url       = {https://www.sciencedirect.com/book/9780123742254/master-data-management}
}

@book{10.5555/2994458,
  author    = {Efron, Bradley and Hastie, Trevor},
  title     = {Computer Age Statistical Inference: Algorithms, Evidence, and Data Science},
  year      = {2016},
  isbn      = {1107149894},
  publisher = {Cambridge University Press},
  address   = {USA},
  edition   = {1st}
}

@book{10.5555/2621998,
  author    = {Zaki, Mohammed J. and Jr, Wagner Meira},
  title     = {Data Mining and Analysis: Fundamental Concepts and Algorithms},
  year      = {2014},
  isbn      = {0521766338},
  publisher = {Cambridge University Press},
  address   = {USA}
}

@book{10.5555/2670086,
  author    = {Abbott, Dean},
  title     = {Applied Predictive Analytics: Principles and Techniques for the Professional Data Analyst},
  year      = {2014},
  isbn      = {1118727967},
  publisher = {Wiley Publishing},
  edition   = {1}
}

@article{orr1998,
  author     = {Orr, Ken},
  title      = {Data Quality and Systems Theory},
  year       = {1998},
  issue_date = {Feb. 1998},
  publisher  = {Association for Computing Machinery},
  address    = {New York, NY, USA},
  volume     = {41},
  number     = {2},
  issn       = {0001-0782},
  url        = {https://doi.org/10.1145/269012.269023},
  doi        = {10.1145/269012.269023},
  journal    = {Commun. ACM},
  month      = feb,
  pages      = {66–71},
  numpages   = {6}
}

@book{eppler2006,
  title     = {Managing Information Quality: Increasing the Value of Information in Knowledge-intensive Products and Processes},
  author    = {Martin J. Eppler},
  publisher = {Springer},
  isbn      = {3540314083, 9783540314080, 9783540322252},
  year      = {2006},
  series    = {},
  edition   = {2nd},
  volume    = {},
  url       = {https://www.springer.com/gp/book/9783540314080}
}

@article{risto2011,
  author    = {Risto, Silvola
and Olli, Jaaskelainen
and Hanna, Kropsu‐Vehkapera
and Harri, Haapasalo},
  title     = {Managing one master data -- challenges and preconditions},
  journal   = {Industrial Management {\&} Data Systems},
  year      = {2011},
  month     = {Jan},
  day       = {01},
  publisher = {Emerald Group Publishing Limited},
  volume    = {111},
  number    = {1},
  pages     = {146-162},
  issn      = {0263-5577},
  doi       = {10.1108/02635571111099776},
  url       = {https://doi.org/10.1108/02635571111099776}
}

@article{haug2013,
  author  = {Haug, Anders
and Stentoft, Jan
and Zachariassen, Frederik
and Schlichter, Jakob},
  year    = {2013},
  month   = {04},
  pages   = {243-249},
  title   = {Master data quality barriers: An empirical investigation},
  volume  = {113},
  journal = {Industrial Management {\&} Data Systems},
  doi     = {10.1108/02635571311303550}
}

@techreport{whitepaper:kaspersky_next_generation,
  title  = {Going beyond Next Gen Security - Is your business getting the protection it deserves?},
  author = {Kaspersky Lab},
  year   = {2018},
  url    = {https://media.kaspersky.com/en/business-security/KES_Going_beyond_Next_Gen_whitepaper.pdf}
}

@techreport{huawei_security,
  title  = {AI Security White Paper},
  author = {{ Huawei Technologies Co., Ltd. }},
  url    = {https://www-file.huawei.com/-/media/corporate/pdf/cyber-security/ai-security-white-paper-en.pdf?la=en-gb},
  year   = {2018}
}

@online{web:differential-privacy,
  title   = {Explainer: what is differential privacy and how can it protect your data?},
  date    = {2019-04-30},
  author  = {Tianqing Zhu},
  file    = {:./references/explainer-what-is-differential-privacy-and-how-can-it-protect-your-data-90686.html:html},
  url     = {https://theconversation.com/explainer-what-is-differential-privacy-and-how-can-it-protect-your-data-90686},
  urldate = {2019-04-30}
}

@online{web:privacy-models,
  title   = {Differential Privacy and IP Protection Solutions from CryptoNumerics},
  date    = {2019-04-30},
  file    = {:./references/privacy-protecting-products-cn-protect-.html:html},
  url     = {https://cryptonumerics.com/privacy-protecting-products/cn-protect/},
  urldate = {2019-04-30}
}

@book{book:dama,
  author    = {DAMA International},
  title     = {The DAMA Guide to the Data Management Body of Knowledge - DAMA-DMBOK},
  year      = {2009},
  isbn      = {0977140083},
  publisher = {Technics Publications, LLC},
  address   = {Denville, NJ, USA}
}

@online{pres:dcam,
  title   = {DCAM v2 Framework Overview},
  date    = {2021-01-13},
  file    = {:./references/edmcouncil.org-resource-collection-AC65DC50-5687-4942-9B53-3398C887A578-DCAM_Framework_v2_Overview_v2.2.1.pdf.html:html},
  url     = {https://cdn.ymaws.com/edmcouncil.org/resource/collection/AC65DC50-5687-4942-9B53-3398C887A578/DCAM_Framework_v2_Overview_v2.2.1.pdf},
  urldate = {2021-02-17}
}

@inproceedings{otto2011,
  publisher = {Curran},
  title     = {Identification of Business Oriented Data Quality Metrics},
  pages     = {122--134},
  author    = {Boris Otto and Kai H{\"u}ner and Hubert {\"O}sterle},
  address   = {Red Hook, NY},
  booktitle = {Proceedings of the 14th International Conference on Information Quality, ICIQ 2009},
  month     = {November},
  editor    = {Paul Bowen and Ahmed K. Elmagarmid and Hubert {\"O}sterle and Kai-Uwe Sattler},
  year      = {2011},
  url       = {https://www.alexandria.unisg.ch/71586/},
  keywords  = {Corporate Data Quality, Controlling, Corporate Data Quality Scorecard},
  abstract  = {ARRAY(0x564ed55666c0)}
}

@inproceedings{batini2007,
  title     = {A Framework And A Methodology For Data Quality Assessment And Monitoring},
  author    = {C. Batini and D. Barone and Michele Mastrella and A. Maurino and Claudio Ruffini},
  booktitle = {ICIQ},
  year      = {2007}
}

@article{batini2008,
  author     = {Batini, Carlo and Cabitza, Federico and Cappiello, Cinzia and Francalanci, Chiara},
  title      = {A Comprehensive Data Quality Methodology for Web and Structured Data},
  year       = {2008},
  issue_date = {July 2008},
  publisher  = {Inderscience Publishers},
  address    = {Geneva 15, CHE},
  volume     = {1},
  number     = {3},
  issn       = {1751-648X},
  url        = {https://doi.org/10.1504/IJICA.2008.019688},
  doi        = {10.1504/IJICA.2008.019688},
  journal    = {Int. J. Innov. Comput. Appl.},
  month      = jul,
  pages      = {205–218},
  numpages   = {14},
  keywords   = {data quality, web data, methodology, improvement, structured data, cost, assessment, process}
}

@online{quora:consistency2017,
  title   = {What is the best way to measure the consistency of data?},
  date    = {2021-03-10},
  file    = {:./references/What-is-the-best-way-to-measure-the-consistency-of-data.html:html},
  url     = {https://www.quora.com/What-is-the-best-way-to-measure-the-consistency-of-data},
  urldate = {2021-03-10}
}

@article{blake2011,
  author     = {Blake, Roger and Mangiameli, Paul},
  title      = {The Effects and Interactions of Data Quality and Problem Complexity on Classification},
  year       = {2011},
  issue_date = {February 2011},
  publisher  = {Association for Computing Machinery},
  address    = {New York, NY, USA},
  volume     = {2},
  number     = {2},
  issn       = {1936-1955},
  url        = {https://doi.org/10.1145/1891879.1891881},
  doi        = {10.1145/1891879.1891881},
  journal    = {J. Data and Information Quality},
  month      = feb,
  articleno  = {8},
  numpages   = {28},
  keywords   = {data quality metrics and measurements, information quality, Data quality, data mining}
}

@inproceedings{atz2014tau,
  title     = {The tau of data: A new metric to assess the timeliness of data in catalogues},
  author    = {Atz, Ulrich},
  booktitle = {CeDEM14 Conference for E-Democracy and Open Government},
  volume    = {22},
  pages     = {147--162},
  year      = {2014}
}

@online{web:differential-privacy,
  title   = {Explainer: what is differential privacy and how can it protect your data?},
  date    = {2020-02-10},
  author  = {Tianqing Zhu},
  file    = {:./references/explainer-what-is-differential-privacy-and-how-can-it-protect-your-data-90686.html:html},
  url     = {https://theconversation.com/explainer-what-is-differential-privacy-and-how-can-it-protect-your-data-90686},
  urldate = {2020-02-10}
}

@online{web:privacy-models,
  title   = {Differential Privacy and IP Protection Solutions from CryptoNumerics},
  date    = {2020-02-10},
  file    = {:./references/privacy-protecting-products-cn-protect-.html:html},
  url     = {https://cryptonumerics.com/privacy-protecting-products/cn-protect/},
  urldate = {2020-02-10}
}

@online{web:common-defects,
  title   = {Common Defects in Big Data and Data Warehouses},
  date    = {2021-03-30},
  file    = {:./references/partnerworld-gsd-showimage.do.html:html},
  url     = {https://www-356.ibm.com/partnerworld/gsd/showimage.do?id=36622},
  urldate = {2021-03-30}
}

@article{heinrich2018,
  title   = {Requirements for Data Quality Metrics},
  author  = {B. Heinrich and D. Hristova and M. Klier and A. Schiller and Michael Szubartowicz},
  journal = {Journal of Data and Information Quality (JDIQ)},
  year    = {2018},
  volume  = {9},
  pages   = {1-32}
}

@online{ehdi2019,
  title   = {The Six Dimensions of EHDI Data Quality Assessment},
  date    = {2019-01-25},
  file    = {:./references/ncbddd-hearingloss-documents-dataqualityworksheet.pdf.html:html},
  url     = {https://www.cdc.gov/ncbddd/hearingloss/documents/dataqualityworksheet.pdf},
  urldate = {2021-04-01}
}

@article{venkatesh2010,
  author  = {Venkatesh, Kumar and G, Rajendran},
  year    = {2010},
  month   = {08},
  pages   = {},
  title   = {Entropy Based Measurement of Text Dissimilarity for Duplicate – Detection},
  volume  = {4},
  journal = {Modern Applied Science},
  doi     = {10.5539/mas.v4n9p142}
}

@online{w3org5stardata,
  title   = {What is 5 Star Linked Data? | Webize Everything Community Group},
  date    = {2021-04-14},
  file    = {:./references/community-webize-2014-01-17-what-is-5-star-linked-data-.html:html},
  url     = {https://www.w3.org/community/webize/2014/01/17/what-is-5-star-linked-data/},
  urldate = {2021-04-14}
}

@online{5stardata,
  title   = {5-star Open Data},
  date    = {2021-02-05},
  file    = {:./references/en-.html:html},
  url     = {https://5stardata.info/en/},
  urldate = {2021-04-14}
}

@online{seznam-korona2021,
  title   = {Koronavirus | Jak šel čas s covid-19: Čína-svět-Česko - Seznam Zprávy},
  date    = {2021-04-18},
  file    = {:./references/clanek-koronavirus-covid-19-jak-sel-cas-91186.html:html},
  url     = {https://www.seznamzpravy.cz/clanek/koronavirus-covid-19-jak-sel-cas-91186},
  urldate = {2021-04-18}
}

@inproceedings{cummings2018,
  title  = {The Role of Differential Privacy in GDPR Compliance},
  author = {R. Cummings and D. Desai},
  year   = {2018}
}

@article{talha2019,
  author  = {Talha, M. and Kalam, A. and Elmarzouqi, N.},
  year    = {2019},
  month   = {01},
  pages   = {916-922},
  title   = {Big Data: Trade-off between Data Quality and Data Security},
  volume  = {151},
  journal = {Procedia Computer Science},
  doi     = {10.1016/j.procs.2019.04.127}
}

@inproceedings{iso25010,
  title  = {ISO/IEC 25010: 2011 Systems and software engineering — Systems and software Quality Requirements and Evaluation (SQuaRE) — System and software quality models},
  author = {},
  year   = {2013}
}

@online{qid-springer,
  title   = {Quasi-Identifier | SpringerLink},
  date    = {2021-05-05},
  file    = {:./references/referenceworkentry-10.1007%2F978-1-4419-5906-5_763.html:html},
  url     = {https://link.springer.com/referenceworkentry/10.1007%2F978-1-4419-5906-5_763},
  urldate = {2021-05-05}
}

@inproceedings{narayanan2008,
  author    = {Narayanan, Arvind and Shmatikov, Vitaly},
  booktitle = {2008 IEEE Symposium on Security and Privacy (sp 2008)},
  title     = {Robust De-anonymization of Large Sparse Datasets},
  year      = {2008},
  volume    = {},
  number    = {},
  pages     = {111-125},
  doi       = {10.1109/SP.2008.33}
}

@online{difpriv2016,
  title   = {blog/2016-02-06.md at master · frankmcsherry/blog},
  date    = {2021-05-05},
  file    = {:./references/frankmcsherry-blog-blob-master-posts-2016-02-06.md.html:html},
  url     = {https://github.com/frankmcsherry/blog/blob/master/posts/2016-02-06.md},
  urldate = {2021-05-05}
}

@article{dwork2014,
  author     = {Dwork, Cynthia and Roth, Aaron},
  title      = {The Algorithmic Foundations of Differential Privacy},
  year       = {2014},
  issue_date = {August 2014},
  publisher  = {Now Publishers Inc.},
  address    = {Hanover, MA, USA},
  volume     = {9},
  number     = {3–4},
  issn       = {1551-305X},
  url        = {https://doi.org/10.1561/0400000042},
  doi        = {10.1561/0400000042},
  journal    = {Found. Trends Theor. Comput. Sci.},
  month      = aug,
  pages      = {211–407},
  numpages   = {197}
}

@inproceedings{long2004,
  author = {Long, Jennifer and Seko, Craig and Robertson, Chris and Morrison, Laurie},
  year   = {2004},
  month  = {01},
  pages  = {197-210},
  title  = {Where To Start? A Preliminary Data Quality Checklist For Emergency Medical Services Data.}
}

@online{over-coverage,
  title   = {OECD Glossary of Statistical Terms - Over-coverage Definition},
  date    = {2021-05-08},
  author  = {OECD Statistics Directorate},
  file    = {:./references/glossary-detail.asp.html:html},
  url     = {https://stats.oecd.org/glossary/detail.asp?ID=4545},
  urldate = {2021-05-08}
}

@online{under-coverage,
  title   = {OECD Glossary of Statistical Terms - Under-coverage Definition},
  date    = {2021-05-08},
  author  = {OECD Statistics Directorate},
  file    = {:./references/glossary-detail.asp.html:html},
  url     = {https://stats.oecd.org/glossary/detail.asp?ID=5069},
  urldate = {2021-05-08}
}

@online{data-imputation,
  title   = {OECD Glossary of Statistical Terms - Data imputation Definition},
  date    = {2021-05-09},
  author  = {OECD Statistics Directorate},
  file    = {:./references/glossary-detail.asp.html:html},
  url     = {https://stats.oecd.org/glossary/detail.asp?ID=3406},
  urldate = {2021-05-09}
}

@article{komenda2020,
  author   = {Komenda, Martin
and Bulhart, Vojt{\v{e}}ch
and Karolyi, Mat{\v{e}}j
and Jarkovsk{\'y}, Ji{\v{r}}{\'i}
and Mu{\v{z}}{\'i}k, Jan
and M{\'a}jek, Ond{\v{r}}ej
and {\v{S}}najdrov{\'a}, Lenka
and R{\r{u}}{\v{z}}i{\v{c}}kov{\'a}, Petra
and R{\'a}{\v{z}}ov{\'a}, Jarmila
and Prymula, Roman
and Mackov{\'a}, Barbora
and B{\v{r}}ezovsk{\'y}, Pavel
and Marounek, Jan
and {\v{C}}ern{\'y}, Vladim{\'i}r
and Du{\v{s}}ek, Ladislav},
  title    = {Complex Reporting of the COVID-19 Epidemic in the Czech Republic: Use of an Interactive Web-Based App in Practice},
  journal  = {J Med Internet Res},
  year     = {2020},
  month    = {May},
  day      = {27},
  volume   = {22},
  number   = {5},
  pages    = {e19367},
  keywords = {coronavirus disease; COVID-19; Czech Republic; web app; interactive reporting; epidemiological overview; CRISP-DM; public health; app; epidemiology; virus; health data; data mining; modeling},
  issn     = {1438-8871},
  doi      = {10.2196/19367},
  url      = {http://www.jmir.org/2020/5/e19367/},
  url      = {https://doi.org/10.2196/19367},
  url      = {http://www.ncbi.nlm.nih.gov/pubmed/32412422}
}

@inbook{kilem2008,
  author  = {Gwet, Kilem},
  year    = {2008},
  month   = {09},
  pages   = {pp. 473-485},
  title   = {Intrarater Reliability},
  volume  = {2},
  isbn    = {9780471462422},
  journal = {Methods and Applications of Statistics in Clinical Trials},
  doi     = {10.1002/9780471462422.eoct631}
}

@article{chaudhuri2011,
  author     = {Chaudhuri, Surajit and Dayal, Umeshwar and Narasayya, Vivek},
  title      = {An Overview of Business Intelligence Technology},
  year       = {2011},
  issue_date = {August 2011},
  publisher  = {Association for Computing Machinery},
  address    = {New York, NY, USA},
  volume     = {54},
  number     = {8},
  issn       = {0001-0782},
  url        = {https://doi.org/10.1145/1978542.1978562},
  doi        = {10.1145/1978542.1978562},
  abstract   = {BI technologies are essential to running today's businesses and this technology is going through sea changes.},
  journal    = {Commun. ACM},
  month      = aug,
  pages      = {88–98},
  numpages   = {11}
}

@article{blumberg2003,
  author     = {Blumberg, Robert and Atre, Shaku},
  title      = {The Problem with Unstructured Data},
  year       = {2003},
  issue_date = {February 2003},
  volume     = {13},
  url        = {http://soquelgroup.com/wp-content/uploads/2010/01/dmreview_0203_problem.pdf},
  journal    = {DM Review},
  pages      = {42–46},
  numpages   = {4}
}
